<record><leader>00000cas a22000007a 4500</leader><controlfield tag="001">15372894</controlfield><controlfield tag="008">870326d18uu19uuinucr ne      0    0eng d</controlfield><datafield ind1=" " ind2=" " tag="010"><subfield code="a">sn 87055672 </subfield></datafield><datafield ind1=" " ind2=" " tag="040"><subfield code="a">NPI</subfield><subfield code="b">eng</subfield><subfield code="c">NPI</subfield><subfield code="d">NVF</subfield><subfield code="d">OCLCQ</subfield></datafield><datafield ind1=" " ind2=" " tag="042"><subfield code="a">msc</subfield></datafield><datafield ind1="0" ind2=" " tag="130"><subfield code="a">Semi-weekly express (Terre Haute, Ind.)</subfield></datafield><datafield ind1="1" ind2="4" tag="245"><subfield code="a">The semi-weekly express.</subfield></datafield><datafield ind1=" " ind2=" " tag="260"><subfield code="a">[Terre Haute, Ind.] :</subfield><subfield code="b">George M. Allen</subfield></datafield><datafield ind1=" " ind2=" " tag="310"><subfield code="a">Semiweekly</subfield></datafield><datafield ind1=" " ind2=" " tag="580"><subfield code="a">Daily ed.: Terre Haute express (Terre Haute, Ind. : Daily), &lt;1896-1900&gt;.</subfield></datafield><datafield ind1=" " ind2=" " tag="588"><subfield code="a">Description based on: Jan. 3, 1895 [i.e. 1896].</subfield></datafield><datafield ind1=" " ind2=" " tag="752"><subfield code="a">United States</subfield><subfield code="b">Indiana</subfield><subfield code="c">Vigo</subfield><subfield code="d">Terre Haute.</subfield></datafield><datafield ind1="1" ind2=" " tag="775"><subfield code="t">Terre Haute express (Terre Haute, Ind. : Daily)</subfield><subfield code="w">(DLC)sn 84038186</subfield></datafield></record>